02RETORNO01COBRANCA       00655000500003000000INSTITUTO DE PESQUISAS ECONOMI001BANCO DO BRASIL1711150001551                      000002102204385357  1703169                                                                                                                                                                                                                                              000001
70000000000000000006550005000031703169                         1703169000000386510000001   01900000000000 1806171115                              000000000000000520010406940001911150000360000000000000000000000000000000000000000000000000000000000000000000000000005200000000000000000000000000000000000000000000000000484020000000000000          0000000000000000000000000000000000000000000000001010000002
70000000000000000006550005000031703169                         1703169000000396810000001   01900000000000 1806171115                              000000000000000370010406940001911150000360000000000000000000000000000000000000000000000000000000000000000000000000003700000000000000000000000000000000000000000000000000334020000000000000          0000000000000000000000000000000000000000000000001010000003
70000000000000000006550005000031703169                         1703169000000397310000001   01900000000000 1806171115                              000000000000000370010406940001911150000360000000000000000000000000000000000000000000000000000000000000000000000000003700000000000000000000000000000000000000000000000000334020000000000000          0000000000000000000000000000000000000000000000001010000004
70000000000000000006550005000031703169                         1703169000000401510000001   01900000000000 1806171115                              000000000000000520010406940001911150000360000000000000000000000000000000000000000000000000000000000000000000000000005200000000000000000000000000000000000000000000000000484020000000000000          0000000000000000000000000000000000000000000000001010000005
70000000000000000006550005000031703169                         1703169000000402110000001   01900000000000 1806171115                              000000000000000670010403110001911150000360000000000000000000000000000000000000000000000000000000000000000000000000006700000000000000000000000000000000000000000000000000634020000000000000          0000000000000000000000000000000000000000000000001010000006
70000000000000000006550005000031703169                         1703169000000425010000001   01900000000000 1806171115                              000000000000000520010403310001911150000360000000000000000000000000000000000000000000000000000000000000000000000000005200000000000000000000000000000000000000000000000000484020000000000000          0000000000000000000000000000000000000000000000001010000007
70000000000000000006550005000031703169                         1703169000000444210000001   01900000000000 1806171115                              000000000000000670000107811001911150000360000000000000000000000000000000000000000000000000000000000000000000000000006700000000000000000000000000000000000000000000000000634020000000000000          0000000000000000000000000000000000000000000000001001000008
70000000000000000006550005000031703169                         1703169000000488010000001   01900000000000 1806171115                              000000000000000670023713160001911150000360000000000000000000000000000000000000000000000000000000000000000000000000006700000000000000000000000000000000000000000000000000634020000000000000          0000000000000000000000000000000000000000000000001010000009
70000000000000000006550005000031703169                         1703169000000490710000001   01900000000000 1806171115                              000000000000000520010403310001911150000360000000000000000000000000000000000000000000000000000000000000000000000000005200000000000000000000000000000000000000000000000000484020000000000000          0000000000000000000000000000000000000000000000001010000010
70000000000000000006550005000031703169                         1703169000000490810000001   01900000000000 1806171115                              000000000000000520010403310001911150000360000000000000000000000000000000000000000000000000000000000000000000000000005200000000000000000000000000000000000000000000000000484020000000000000          0000000000000000000000000000000000000000000000001010000011
70000000000000000006550005000031703169                         1703169000000501310000001   01900000000000 1806171115                              000000000000000670010430430001911150000360000000000000000000000000000000000000000000000000000000000000000000000000006700000000000000000000000000000000000000000000000000634020000000000000          0000000000000000000000000000000000000000000000001010000012
70000000000000000006550005000031703169                         1703169000000555010000001   01900000000000 1806171115                              000000000000000370010406940001911150000360000000000000000000000000000000000000000000000000000000000000000000000000003700000000000000000000000000000000000000000000000000334020000000000000          0000000000000000000000000000000000000000000000001010000013
70000000000000000006550005000031703169                         1703169000000584310000001   01900000000000 1806171115                              000000000000000370010406940001911150000360000000000000000000000000000000000000000000000000000000000000000000000000003700000000000000000000000000000000000000000000000000334020000000000000          0000000000000000000000000000000000000000000000001010000014
70000000000000000006550005000031703169                         1703169000000585410000001   01900000000000 1806171115                              000000000000000370010406940001911150000360000000000000000000000000000000000000000000000000000000000000000000000000003700000000000000000000000000000000000000000000000000334020000000000000          0000000000000000000000000000000000000000000000001010000015
70000000000000000006550005000031703169                         1703169000000588710000001   01900000000000 1806171115                              000000000000000520010406940001911150000360000000000000000000000000000000000000000000000000000000000000000000000000005200000000000000000000000000000000000000000000000000484020000000000000          0000000000000000000000000000000000000000000000001010000016
70000000000000000006550005000031703169                         1703169000000588810000001   01900000000000 1806171115                              000000000000000520010406940001911150000360000000000000000000000000000000000000000000000000000000000000000000000000005200000000000000000000000000000000000000000000000000484020000000000000          0000000000000000000000000000000000000000000000001010000017
70000000000000000006550005000031703169                         1703169000000589310000001   01900000000000 1806171115                              000000000000000520010406940001911150000360000000000000000000000000000000000000000000000000000000000000000000000000005200000000000000000000000000000000000000000000000000484020000000000000          0000000000000000000000000000000000000000000000001010000018
70000000000000000006550005000031703169                         1703169000000595610000001   01900000000000 1806171115                              000000000000000520010406940001911150000360000000000000000000000000000000000000000000000000000000000000000000000000005200000000000000000000000000000000000000000000000000484020000000000000          0000000000000000000000000000000000000000000000001010000019
70000000000000000006550005000031703169                         1703169000000596210000001   01900000000000 1806171115                              000000000000000520010406940001911150000360000000000000000000000000000000000000000000000000000000000000000000000000005200000000000000000000000000000000000000000000000000484020000000000000          0000000000000000000000000000000000000000000000001010000020
70000000000000000006550005000031703169                         1703169000000605810000001   01900000000000 1806171115                              000000000000000520010406940001911150000360000000000000000000000000000000000000000000000000000000000000000000000000005200000000000000000000000000000000000000000000000000484020000000000000          0000000000000000000000000000000000000000000000001010000021
70000000000000000006550005000031703169                         1703169000000612910000001   01900000000000 1806171115                              000000000000000370010406940001911150000360000000000000000000000000000000000000000000000000000000000000000000000000003700000000000000000000000000000000000000000000000000334020000000000000          0000000000000000000000000000000000000000000000001010000022
70000000000000000006550005000031703169                         1703169000000618110000001   01900000000000 1806171115                              000000000000000520010406940001911150000360000000000000000000000000000000000000000000000000000000000000000000000000005200000000000000000000000000000000000000000000000000484020000000000000          0000000000000000000000000000000000000000000000001010000023
70000000000000000006550005000031703169                         1703169000000618210000001   01900000000000 1806171115                              000000000000000520010406940001911150000360000000000000000000000000000000000000000000000000000000000000000000000000005200000000000000000000000000000000000000000000000000484020000000000000          0000000000000000000000000000000000000000000000001010000024
70000000000000000006550005000031703169                         1703169000000619410000001   01900000000000 1806171115                              000000000000000370010406940001911150000360000000000000000000000000000000000000000000000000000000000000000000000000003700000000000000000000000000000000000000000000000000334020000000000000          0000000000000000000000000000000000000000000000001010000025
70000000000000000006550005000031703169                         1703169000000621710000001   01900000000000 1806171115                              000000000000000300023705360001911150000360000000000000000000000000000000000000000000000000000000000000000000000000003000000000000000000000000000000000000000000000000000264020000000000000          0000000000000000000000000000000000000000000000001010000026
70000000000000000006550005000031703169                         1703169000000626410000001   01900000000000 1806171115                              000000000000000670000139861001911150000360000000000000000000000000000000000000000000000000000000000000000000000000006700000000000000000000000000000000000000000000000000634020000000000000          0000000000000000000000000000000000000000000000001008000027
70000000000000000006550005000031703169                         1703169000000628010000001   01900000000000 1806171115                              000000000000000670010401450001911150000360000000000000000000000000000000000000000000000000000000000000000000000000006700000000000000000000000000000000000000000000000000634020000000000000          0000000000000000000000000000000000000000000000001010000028
70000000000000000006550005000031703169                         1703169000000629710000001   01900000000000 1806171115                              000000000000000300023702230001911150000360000000000000000000000000000000000000000000000000000000000000000000000000003000000000000000000000000000000000000000000000000000264020000000000000          0000000000000000000000000000000000000000000000001010000029
70000000000000000006550005000031703169                         1703169000000630010000001   01900000000000 1806171115                              000000000000000520010406940001911150000360000000000000000000000000000000000000000000000000000000000000000000000000005200000000000000000000000000000000000000000000000000484020000000000000          0000000000000000000000000000000000000000000000001010000030
70000000000000000006550005000031703169                         1703169000000630610000001   01900000000000 1806171115                              000000000000000520010406940001911150000360000000000000000000000000000000000000000000000000000000000000000000000000005200000000000000000000000000000000000000000000000000484020000000000000          0000000000000000000000000000000000000000000000001010000031
70000000000000000006550005000031703169                         1703169000000632610000001   01900000000000 1806171115                              000000000000000300034199260001911150000360000000000000000000000000000000000000000000000000000000000000000000000000003000000000000000000000000000000000000000000000000000264020000000000000          0000000000000000000000000000000000000000000000001010000032
70000000000000000006550005000031703169                         1703169000000634310000001   01900000000000 1806171115                              000000000000000300000166486001911150000360000000000000000000000000000000000000000000000000000000000000000000000000003000000000000000000000000000000000000000000000000000264020000000000000          0000000000000000000000000000000000000000000000001008000033
70000000000000000006550005000031703169                         1703169000000634810000001   01900000000000 1806171115                              000000000000000670010406940001911150000360000000000000000000000000000000000000000000000000000000000000000000000000006700000000000000000000000000000000000000000000000000634020000000000000          0000000000000000000000000000000000000000000000001010000034
70000000000000000006550005000031703169                         1703169000000634910000001   01900000000000 1806171115                              000000000000000670010406940001911150000360000000000000000000000000000000000000000000000000000000000000000000000000006700000000000000000000000000000000000000000000000000634020000000000000          0000000000000000000000000000000000000000000000001010000035
70000000000000000006550005000031703169                         1703169000000636510000001   01900000000000 1806171115                              000000000000000670010401530001911150000360000000000000000000000000000000000000000000000000000000000000000000000000006700000000000000000000000000000000000000000000000000634020000000000000          0000000000000000000000000000000000000000000000001010000036
70000000000000000006550005000031703169                         1703169000000636910000001   01900000000000 1806171115                              000000000000000520000139861001911150000360000000000000000000000000000000000000000000000000000000000000000000000000005200000000000000000000000000000000000000000000000000484020000000000000          0000000000000000000000000000000000000000000000001001000037
70000000000000000006550005000031703169                         1703169000000637810000001   01900000000000 1806171115                              000000000000000370010406940001911150000360000000000000000000000000000000000000000000000000000000000000000000000000003700000000000000000000000000000000000000000000000000334020000000000000          0000000000000000000000000000000000000000000000001010000038
70000000000000000006550005000031703169                         1703169000000638510000001   01900000000000 1806171115                              000000000000000370010406940001911150000360000000000000000000000000000000000000000000000000000000000000000000000000003700000000000000000000000000000000000000000000000000334020000000000000          0000000000000000000000000000000000000000000000001010000039
70000000000000000006550005000031703169                         1703169000000638610000001   01900000000000 1806171115                              000000000000000370010406940001911150000360000000000000000000000000000000000000000000000000000000000000000000000000003700000000000000000000000000000000000000000000000000334020000000000000          0000000000000000000000000000000000000000000000001010000040
70000000000000000006550005000031703169                         1703169000000638710000001   01900000000000 1806171115                              000000000000000670010406940001911150000360000000000000000000000000000000000000000000000000000000000000000000000000006700000000000000000000000000000000000000000000000000634020000000000000          0000000000000000000000000000000000000000000000001010000041
70000000000000000006550005000031703169                         1703169000000639110000001   01900000000000 1806171115                              000000000000000520010406940001911150000360000000000000000000000000000000000000000000000000000000000000000000000000005200000000000000000000000000000000000000000000000000484020000000000000          0000000000000000000000000000000000000000000000001010000042
70000000000000000006550005000031703169                         1703169000000640910000001   01900000000000 1806171115                              000000000000000670000131437001911150000360000000000000000000000000000000000000000000000000000000000000000000000000006700000000000000000000000000000000000000000000000000634020000000000000          0000000000000000000000000000000000000000000000001002000043
70000000000000000006550005000031703169                         1703169000000641410000001   01900000000000 1806171115                              000000000000000520010406940001911150000360000000000000000000000000000000000000000000000000000000000000000000000000005200000000000000000000000000000000000000000000000000484020000000000000          0000000000000000000000000000000000000000000000001010000044
70000000000000000006550005000031703169                         1703169000000643310000001   01900000000000 1806171115                              000000000000000520010406940001911150000360000000000000000000000000000000000000000000000000000000000000000000000000005200000000000000000000000000000000000000000000000000484020000000000000          0000000000000000000000000000000000000000000000001010000045
70000000000000000006550005000031703169                         1703169000000643710000001   01900000000000 1806171115                              000000000000000670010416850001911150000360000000000000000000000000000000000000000000000000000000000000000000000000006700000000000000000000000000000000000000000000000000634020000000000000          0000000000000000000000000000000000000000000000001010000046
70000000000000000006550005000031703169                         1703169000000643810000001   01900000000000 1806171115                              000000000000000370010406940001911150000360000000000000000000000000000000000000000000000000000000000000000000000000003700000000000000000000000000000000000000000000000000334020000000000000          0000000000000000000000000000000000000000000000001010000047
70000000000000000006550005000031703169                         1703169000000643910000001   01900000000000 1806171115                              000000000000000520010406940001911150000360000000000000000000000000000000000000000000000000000000000000000000000000005200000000000000000000000000000000000000000000000000484020000000000000          0000000000000000000000000000000000000000000000001010000048
70000000000000000006550005000031703169                         1703169000000644010000001   01900000000000 1806171115                              000000000000000520010406940001911150000360000000000000000000000000000000000000000000000000000000000000000000000000005200000000000000000000000000000000000000000000000000484020000000000000          0000000000000000000000000000000000000000000000001010000049
9201001          000000000000000000000000000000          000000000000000000000000000000          000000000000000000000000000000          000000000000000000000000000000                                                  000000000000000000000000000000                                                                                                                                                   000050
