02RETORNO01COBRANCA       00655000500003000000INSTITUTO DE PESQUISAS ECONOMI001BANCO DO BRASIL3004150001413                      000001863204385357  1703169                                                                                                                                                                                                                                              000001
70000000000000000006550005000031703169                         1703169000000003710000001   01900000000000 1806300415                              000000000000000010000100655000505150000315000000000000000000000000000000000000000000000000000000000000000000000000000100000000000000000000000000000000000000000000000000021510000000000000          0000000000000000000000000000000000000000000000001001000002
70000000000000000006550005000031703169                         1703169000000004010000001   01900000000000 1806300415                              000000000000000010000100655000505150000315000000000000000000000000000000000000000000000000000000000000000000000000000100000000000000000000000000000000000000000000000000021510000000000000          0000000000000000000000000000000000000000000000001001000003
70000000000000000006550005000031703169                         1703169000000004710000001   01900000000000 1806300415                              000000000000000010000100655000505150000315000000000000000000000000000000000000000000000000000000000000000000000000000100000000000000000000000000000000000000000000000000021510000000000000          0000000000000000000000000000000000000000000000001001000004
70000000000000000006550005000031703169                         1703169000000005710000001   01900000000000 1806300415                              000000000000000005000100655000505150000315000000000000000000000000000000000000000000000000000000000000000000000000000050000000000000000000000000000000000000000000000000026510000000000000          0000000000000000000000000000000000000000000000001006000005
70000000000000000006550005000031703169                         1703169000000005910000001   01900000000000 1806300415                              000000000000000005000100655000505150000315000000000000000000000000000000000000000000000000000000000000000000000000000050000000000000000000000000000000000000000000000000026510000000000000          0000000000000000000000000000000000000000000000001001000006
70000000000000000006550005000031703169                         1703169000000006210000001   01900000000000 1806300415                              000000000000000005000100655000505150000315000000000000000000000000000000000000000000000000000000000000000000000000000050000000000000000000000000000000000000000000000000026510000000000000          0000000000000000000000000000000000000000000000001001000007
9201001          000000000000000000000000000000          000000000000000000000000000000          000000000000000000000000000000          000000000000000000000000000000                                                  000000000000000000000000000000                                                                                                                                                   000008
