02RETORNO01COBRANCA       00000000000004977285INSTITUTO DE PESQUISA ECONOMIC237BRADESCO       0911160160000000001                                                                                                                                                                                                                                                                          101116         000001
1020058207400018300000260022300033979                         000000000000001762040000000000000000000000000617091116          00000000000000176204000000000000000030000100065  000000000000000000000000000000000000000000000000000000000000000000000000000000000000000030000000000000000000000000000   101116                 0000000000                                                                  000002
1020058207400018300000260022300033979                         000000000000001762120000000000000000000000000617091116          00000000000000176212000000000000000030000100065  000000000000000000000000000000000000000000000000000000000000000000000000000000000000000030000000000000000000000000000   101116                 0000000000                                                                  000003
9201237          000000000000000000000000000001          00000000000000000000000000000000000000000000000000000000000000000000000000000000000000000000000000000000000000000000000000000000000                                                                                                                                                                              00000000000000000000000         000004
