00100000         2005820740001830029578210014       0006550000000500003 INSTITUTO DE PESQUISAS ECONOMIBANCO DO BRASIL                         20805201702533700010303000000204385357PROCESSAMEN                                                 
00100011T0100020 20005820740001830029578210014       0006550000000500003 INSTITUTO DE PESQUISAS ECONOMI                                                                                000000000805201700000000  000000000                      
0010001300001T 020006550000000500003 29578210000004772   7               16052017000000000000400001000655                         0900000000000010000000000000000000000000000000000000000   0000000000000000000000700A9        170272957821     
0010001300002U 020000000000000000000000000000000000000000000000000000000000000000000000000000000000000000000000000000000000000000000000000605201700000000            000000000000000                              000                           
0010001300003T 060006550000000500003 29578210000004772   7               16052017000000000000400001000655                         0900000000000010000000000000000000000000000000000000000   000000000000000000000038500        170272957821     
0010001300004U 060000000000000000000000000000000000000000000000000000000000000000000000004000000000000000150000000000000000000000000000000805201710052017            000000000000000                              000                           
00100015         000006000002000000000000060000000000000000000000000000000000000000000000000000000000000000000000000000000000000000000000000000000                                                                                              
00199999         000001000008000000                                                                                                                                                            00000000000000000000000000000                    
