00100000         2005820740001830029578210014       0006550000000500003 INSTITUTO DE PESQUISAS ECONOMIBANCO DO BRASIL                         21805201701085900011603000000204385357PROCESSAMEN                                                 
00100011T0100020 20005820740001830029578210014       0006550000000500003 INSTITUTO DE PESQUISAS ECONOMI                                                                                000000001805201700000000  000000000                      
0010001300001T 020006550000000500003 29578210000004808   7               30052017000000000000150001000655                         0900000000000010500000000000000000000000000000000000000   0000000000000000000000700A9A4      170272957821     
0010001300002U 020000000000000000000000000000000000000000000000000000000000000000000000000000000000000000000000000000000000000000000000001805201700000000            000000000000000                              000                           
0010001300003T 020006550000000500003 29578210000004809   7               30052017000000000000200001000655                         0900000000000010500000000000000000000000000000000000000   0000000000000000000000700A9A4      170272957821     
0010001300004U 020000000000000000000000000000000000000000000000000000000000000000000000000000000000000000000000000000000000000000000000001805201700000000            000000000000000                              000                           
0010001300005T 020006550000000500003 29578210000004810   7               30052017000000000000150001000655                         0900000000000010500000000000000000000000000000000000000   0000000000000000000000700A9A4      170272957821     
0010001300006U 020000000000000000000000000000000000000000000000000000000000000000000000000000000000000000000000000000000000000000000000001805201700000000            000000000000000                              000                           
0010001300007T 020006550000000500003 29578210000004811   7               30052017000000000000200001000655                         0900000000000010000000000000000000000000000000000000000   0000000000000000000000700A9        170272957821     
0010001300008U 020000000000000000000000000000000000000000000000000000000000000000000000000000000000000000000000000000000000000000000000001805201700000000            000000000000000                              000                           
0010001300009T 020006550000000500003 29578210000004812   7               30052017000000000000200001003018                         0900000000000010500000000000000000000000000000000000000   0000000000000000000000700A9A4      170272957821     
0010001300010U 020000000000000000000000000000000000000000000000000000000000000000000000000000000000000000000000000000000000000000000000001805201700000000            000000000000000                              000                           
0010001300011T 020006550000000500003 29578210000004813   7               3005201700000000000015000101981X                         0900000000000010000000000000000000000000000000000000000   0000000000000000000000700A9        170272957821     
0010001300012U 020000000000000000000000000000000000000000000000000000000000000000000000000000000000000000000000000000000000000000000000001805201700000000            000000000000000                              000                           
0010001300013T 060006550000000500003 29578210000004808   7               30052017000000000000150001000655                         0900000000000010000000000000000000000000000000000000000   000000000000000000000038500        170272957821     
0010001300014U 060000000000000000000000000000000000000000000000000000000000000000000000001500000000000000000000000000000000000000000000001805201722052017            000000000000000                              000                           
0010001300015T 060006550000000500003 29578210000004809   7               30052017000000000000200001000655                         0900000000000010000000000000000000000000000000000000000   000000000000000000000038500        170272957821     
0010001300016U 060000000000000000000000000000000000000000000000000000000000000000000000002000000000000000000000000000000000000000000000001805201722052017            000000000000000                              000                           
0010001300017T 060006550000000500003 29578210000004811   7               30052017000000000000200001000655                         0900000000000010000000000000000000000000000000000000000   000000000000000000000038500        170272957821     
0010001300018U 060000000000000000000000000000000000000000000000000000000000000000000000002000000000000000000000000000000000000000000000001805201722052017            000000000000000                              000                           
0010001300019T 060006550000000500003 29578210000004813   7               30052017000000000000150001000655                         0900000000000010000000000000000000000000000000000000000   000000000000000000000038500        170272957821     
0010001300020U 060000000000000000000000000000000000000000000000000000000000000000000000001500000000000000000000000000000000000000000000001805201722052017            000000000000000                              000                           
00100015         000022000005000000000000065500000000000000000000000000000000000000000000000000000000000000000000000000000000000000000000000000000                                                                                              
00199999         000001000024000000                                                                                                                                                            00000000000000000000000000000                    
