02RETORNO01COBRANCA       00000000000004977285INSTITUTO DE PESQUISA ECONOMIC237BRADESCO       3107170160000000108                                                                                                                                                                                                                                                                          010817         000001
1020058207400018300000260022300033979                         000000000000002443070000000000000000000000000602310717000002443000000000000000244307181017000000000300023700223  000000000000000000000000000000000000000000000000000000000000000000000000000000000000000000000000000000000000000000000                          0000000000                                                                  000002
1020058207400018300000260022300033979                         000000000000002443150000000000000000000000000602310717000002443100000000000000244315181017000000000300023700223  000000000000000000000000000000000000000000000000000000000000000000000000000000000000000000000000000000000000000000000                          0000000000                                                                  000003
1020058207400018300000260022300033979                         000000000000002443230000000000000000000000000602310717000002443200000000000000244323181017000000000300023700223  000000000000000000000000000000000000000000000000000000000000000000000000000000000000000000000000000000000000000000000                          0000000000                                                                  000004
1020058207400018300000260022300033979                         0000000000000024434P000000000000000000000000060231071700000244340000000000000024434P181017000000000300023700223  000000000000000000000000000000000000000000000000000000000000000000000000000000000000000000000000000000000000000000000                          0000000000                                                                  000005
1020058207400018300000260022300033979                         000000000000002443580000000000000000000000000602310717000002443500000000000000244358181017000000000300023700223  000000000000000000000000000000000000000000000000000000000000000000000000000000000000000000000000000000000000000000000                          0000000000                                                                  000006
1020058207400018300000260022300033979                         000000000000002443740000000000000000000000000602310717000002443700000000000000244374181017000000000300023700223  000000000000000000000000000000000000000000000000000000000000000000000000000000000000000000000000000000000000000000000                          0000000000                                                                  000007
1020058207400018300000260022300033979                         000000000000002443820000000000000000000000000602310717000002443800000000000000244382181017000000000300023700223  000000000000000000000000000000000000000000000000000000000000000000000000000000000000000000000000000000000000000000000                          0000000000                                                                  000008
1020058207400018300000260022300033979                         000000000000002443900000000000000000000000000602310717000002443900000000000000244390181017000000000300023700223  000000000000000000000000000000000000000000000000000000000000000000000000000000000000000000000000000000000000000000000                          0000000000                                                                  000009
1020058207400018300000260022300033979                         000000000000002444040000000000000000000000000602310717000002444000000000000000244404181017000000000300023700223  000000000000000000000000000000000000000000000000000000000000000000000000000000000000000000000000000000000000000000000                          0000000000                                                                  000010
1020058207400018300000260022300033979                         000000000000002444120000000000000000000000000602310717000002444100000000000000244412181017000000000300023700223  000000000000000000000000000000000000000000000000000000000000000000000000000000000000000000000000000000000000000000000                          0000000000                                                                  000011
1020058207400018300000260022300033979                         000000000000002444200000000000000000000000000602310717000002444200000000000000244420181017000000000300023700223  000000000000000000000000000000000000000000000000000000000000000000000000000000000000000000000000000000000000000000000                          0000000000                                                                  000012
1020058207400018300000260022300033979                         000000000000002444470000000000000000000000000602310717000002444400000000000000244447181017000000000300023700223  000000000000000000000000000000000000000000000000000000000000000000000000000000000000000000000000000000000000000000000                          0000000000                                                                  000013
1020058207400018300000260022300033979                         000000000000002444550000000000000000000000000602310717000002444500000000000000244455181017000000000300023700223  000000000000000000000000000000000000000000000000000000000000000000000000000000000000000000000000000000000000000000000                          0000000000                                                                  000014
1020058207400018300000260022300033979                         0000000000000024420P000000000000000000000000060631071700000244200000000000000024420P181017000000000300000100309  000000000000000000000000000000000000000000000000000000000000000000000000000000000000000300000000000000000000000000000   010817             00000000000000                                                                  000015
9201237          000000280000000008400000000108          00013000000039000000000003000000010000000030000000000000000000000000000000000000000000000000000000000000000000000000000000000000000                                                                                                                                                                              00000000000000000000000         000016
