02RETORNO01COBRANCA       00000000000004977285INSTITUTO DE PESQUISA ECONOMIC237BRADESCO       3001170160000000045                                                                                                                                                                                                                                                                          310117         000001
1020058207400018300000260022300033979                         000000000000002026200000000000000000000000000617300117          00000000000000202620000000000000000300023707725  000000000000000000000000000000000000000000000000000000000000000000000000000000000000000300000000000000000000000000000   310117                 0000000000                                                                  000002
1020058207400018300000260022300033979                         000000000000002026630000000000000000000000000617300117          00000000000000202663000000000000000300010400349  000000000000000000000000000000000000000000000000000000000000000000000000000000000000000300000000000000000000000000000   310117                 0000000000                                                                  000003
9201237          000000000000000000000000000045          00000000000000000000000000000000000000000000000000000000000000000000000000000000000000000000000000000000000000000000000000000000000                                                                                                                                                                              00000000000000000000000         000004
