00100000         2005820740001830029578210014       0006550000000500003 INSTITUTO DE PESQUISAS ECONOMIBANCO DO BRASIL                         21505201702172900011103000000204385357PROCESSAMEN                                                 
00100011T0100020 20005820740001830029578210014       0006550000000500003 INSTITUTO DE PESQUISAS ECONOMI                                                                                000000001505201700000000  000000000                      
0010001300001T 020006550000000500003 29578210000004802   7               20052017000000000000200001000655                         0900000000000010000000000000000000000000000000000000000   0000000000000000000000700A9        170272957821     
0010001300002U 020000000000000000000000000000000000000000000000000000000000000000000000000000000000000000000000000000000000000000000000001505201700000000            000000000000000                              000                           
0010001300003T 020006550000000500003 29578210000004803   7               20052017000000000000300001000655                         0900000000000010500000000000000000000000000000000000000   0000000000000000000000700A9A4      170272957821     
0010001300004U 020000000000000000000000000000000000000000000000000000000000000000000000000000000000000000000000000000000000000000000000001505201700000000            000000000000000                              000                           
0010001300005T 020006550000000500003 29578210000004805   7               20052017000000000000200001000655                         0900000000000010500000000000000000000000000000000000000   0000000000000000000000700A9A4      170272957821     
0010001300006U 020000000000000000000000000000000000000000000000000000000000000000000000000000000000000000000000000000000000000000000000001505201700000000            000000000000000                              000                           
0010001300007T 060006550000000500003 29578210000004802   7               20052017000000000000200001000655                         0900000000000010000000000000000000000000000000000000000   000000000000000000000038500        170272957821     
0010001300008U 060000000000000000000000000000000000000000000000000000000000000000000000002000000000000000000000000000000000000000000000001505201717052017            000000000000000                              000                           
0010001300009T 060006550000000500003 29578210000004803   7               20052017000000000000300001000655                         0900000000000010000000000000000000000000000000000000000   000000000000000000000038500        170272957821     
0010001300010U 060000000000000000000000000000000000000000000000000000000000000000000000003000000000000000000000000000000000000000000000001505201717052017            000000000000000                              000                           
00100015         000012000004000000000000064000000000000000000000000000000000000000000000000000000000000000000000000000000000000000000000000000000                                                                                              
00199999         000001000014000000                                                                                                                                                            00000000000000000000000000000                    
