00100000         2005820740001830029578210014       0006550000000500003 INSTITUTO DE PESQUISAS ECONOMIBANCO DO BRASIL                         23005201703503800012703000000204385357PROCESSAMEN                                                 
00100011T0100020 20005820740001830029578210014       0006550000000500003 INSTITUTO DE PESQUISAS ECONOMI                                                                                000000003005201700000000  000000000                      
0010001300001T 020006550000000500003 29578210000022566   7               21062017000000000002200001000655                         0900000000000010500000000000000000000000000000000000000   0000000000000000000000700A9A4      170272957821     
0010001300002U 020000000000000000000000000000000000000000000000000000000000000000000000000000000000000000000000000000000000000000000000003005201700000000            000000000000000                              000                           
0010001300003T 020006550000000500003 29578210000022567   7               21062017000000000002200001000655                         0900000000000010500000000000000000000000000000000000000   0000000000000000000000700A9A4      170272957821     
0010001300004U 020000000000000000000000000000000000000000000000000000000000000000000000000000000000000000000000000000000000000000000000003005201700000000            000000000000000                              000                           
0010001300005T 060006550000000500003 29578210000022566   7               21062017000000000002200001000655                         0900000000000010000000000000000000000000000000000000000   000000000000000000000038500        170272957821     
0010001300006U 060000000000000000000000000000000000000000000000000000000000000000000000022000000000000018150000000000000000000000000000003005201701062017            000000000000000                              000                           
00100015         000008000006000000000000087500000000000000000000000000000000000000000000000000000000000000000000000000000000000000000000000000000                                                                                              
00199999         000001000010000000                                                                                                                                                            00000000000000000000000000000                    
